@book{Ostertag,
      Author = {\'Eric Ostertag},
      Title = {Systèmes et asservissements continus : Modélisation, analyse, synthèse des lois de commande},
      Publisher = {Ellipses Marketing},
      Year = {2004},
}
@misc{schemabloc,
    title={Schéma-blocs avec PGF/TIKZ},
    author={R. Papanicola},
    Year={2009},
    url={https://sciences-indus-cpge.papanicola.info/IMG/pdf/schema-bloc.pdf}
}
